%\bibitem{IEEEhowto:kopka}
%H.~Kopka and P.~W. Daly, \emph{A Guide to \LaTeX}, 3rd~ed.\hskip 1em plus
%  0.5em minus 0.4em\relax Harlow, England: Addison-Wesley, 1999.

@article{Oghabian14,         
    title={{Biclustering Methods: Biological Relevance and Application in Gene Expression Analysis}}, 
    publisher={Public Library of Science (PLoS)}, 
    author={Ali Oghabian and others},
    year={2014}
}

@article{Prelic06,
 author = {Preli\'{c}, Amela and others},
 title = {{A Systematic Comparison and Evaluation of Biclustering Methods for Gene Expression Data}},
 journal = {Bioinformatics},
 issue_date = {May 2006},
 volume = {22},
 number = {9},
 year = {2006},
 pages = {1122--1129},
 numpages = {8},
 acmid = {1182267},
 publisher = {Oxford University Press},
 address = {Oxford, UK},
} 

@article{Pontes157,
    author = {Pontes, Beatriz AND Girldez, Ral AND Aguilar-Ruiz, Jess S.},
    journal = {PLOS ONE},
    publisher = {Public Library of Science},
    title = {{Quality Measures for Gene Expression Biclusters}},
    year = {2015},
    volume = {10},
    pages = {1-24},
    number = {3},
}
@Article{Li2012,
    author="Li, Li and others",
    title={{A Comparison and Evaluation of Five Biclustering Algorithms by Quantifying Goodness of Biclusters for Gene Expression Data}},
    journal="BioData Mining",
    year="2012",
    volume="5",
    number="1",
    pages="8",
}

@article{Prelic06,
    author = {Prelić, Amela and others},
    title = {{A Systematic Comparison and Evaluation of Biclustering Methods for Gene Expression Data}},
    journal = {Bioinformatics},
    volume = {22},
    number = {9},
    pages = {1122-1129},
    year = {2006},
}

@Article{Ponzoni2014,
    author="Ponzoni, Ignacio and others",
    title={{Pathway Network Inference from Gene Expression Data}},
    journal="BMC Systems Biology",
    year="2014",
    volume="8",
    number="2",
    pages="S7",
}


@article{Voggenreiter12,
author = {Voggenreiter, Oliver and Bleuler, Stefan and Gruissem, Wilhelm},
year = {2012},
pages = {},
title = {{Exact Biclustering Algorithm for the Analysis of Large Gene Expression Data Sets}},
volume = {13},
booktitle = {BMC Bioinformatics}
}

@article{Bron73,
 author = {Bron, Coen and Kerbosch, Joep},
 title = {{Algorithm 457: Finding All Cliques of an Undirected Graph}},
 journal = {Commun. ACM},
 issue_date = {Sept. 1973},
 volume = {16},
 number = {9},
 year = {1973},
 pages = {575--577},
 numpages = {3},
 acmid = {362367},
 publisher = {ACM},
}

@article{Eren13,
author = {Eren, Kemal and others},
title = {{A Comparative Analysis of Biclustering Algorithms for Gene Expression Data}},
journal = {Briefings in Bioinformatics},
volume = {14},
number = {3},
pages = {279-292},
year = {2013},
}

@article{Zhao14,
    author = {Zhao, Shanrong AND others},
    journal = {PLOS ONE},
    publisher = {Public Library of Science},
    title = {{Comparison of RNA-Seq and Microarray in Transcriptome Profiling of Activated T Cells}},
    year = {2014},
    volume = {9},
    pages = {1-13},
    number = {1}
}

@article{StringDB15,
  author    = {Damian Szklarczyk and others},
  title     = {{STRING v10: Protein-Protein interaction networks, integrated over
               the tree of life}},
  journal   = {Nucleic Acids Research},
  volume    = {43},
  pages     = {447--452},
  year      = {2015},
}

@article{Kegg00,
author = {Kanehisa, Minoru and Goto, Susumu},
title = {{KEGG: Kyoto Encyclopedia of Genes and Genomes}},
journal = {Nucleic Acids Research},
volume = {28},
number = {1},
pages = {27-30},
year = {2000},
}

@article{Reactome14,
  added-at = {2014-02-17T00:00:00.000+0100},
  author = {Croft, David and others},
  journal = {Nucleic Acids Research},
  keywords = {dblp},
  pages = {472-477},
  title = {{The Reactome pathway knowledgebase.}},
  volume = 42,
  year = 2014
}

@article{PubMed13,
  author = {Kathi Canese and Sarah Weis},
  journal = {The NCBI Handbook},
  title = {{PubMed: The Bibliographic Database.}},
  year = 2013
}

@article{Tomita06,
title = "The worst-case time complexity for generating all maximal cliques and computational experiments",
journal = "Theoretical Computer Science",
volume = "363",
number = "1",
pages = "28 - 42",
year = "2006",
note = "Computing and Combinatorics",
author = "Etsuji Tomita and Akira Tanaka and Haruhisa Takahashi",
}

@misc{Github18,
  title = {{Performance comparison of three Bron–Kerbosch algorithm implementations that find all maximal cliques in a graph.}},
  author = {Cheol Kang},
  year=2014,
  howpublished = {\url{https://github.com/cornchz/Bron-Kerbosch}},
  note = {Accessed: 2018-03-21}
}

@techreport{Python95,
 author = {Rossum, Guido},
 title = {{Python Reference Manual}},
 year = {1995},
 publisher = {CWI (Centre for Mathematics and Computer Science)},
 address = {Amsterdam, The Netherlands, The Netherlands},
} 

@article{Pandas11,
  title={pandas: a Foundational Python Library for Data Analysis and Statistics},
  year={2011},
  author={McKinney, Wes}
}

@article{scikit-learn,
 title={{Scikit-learn: Machine Learning in {P}ython}},
 author={Pedregosa, F. and others},
 journal={Journal of Machine Learning Research},
 volume={12},
 pages={2825--2830},
 year={2011}
}


@article{TCGA13,
  author = {{Cancer Genome Atlas Research Network} and others},
  journal = {Nat Genet},
  keywords = {},
  number = 10,
  pages = {1113-1120},
  title = {{The Cancer Genome Atlas Pan-Cancer analysis project}},
  volume = 45,
  year = 2013
}

@article{Silhouette87,
title = {{Silhouettes: A graphical aid to the interpretation and validation of cluster analysis}},
journal = "Journal of Computational and Applied Mathematics",
volume = "20",
pages = "53 - 65",
year = "1987",
author = "Peter J. Rousseeuw",
}

@article{Hindle11,
 title={{Clustering Web video search results based on integration of multiple features}},
 author={Alex Hindle and others},
 journal={World Wide Web},
 volume={15},
 pages={53--73},
 year={2011}
}

@Article{Dutta2012,
author="Dutta, Bhaskar and others",
title={{PathNet: a Tool for Pathway Analysis Using Topological Information}},
journal={{Source Code for Biology and Medicine}},
year="2012",
volume="7",
number="1",
pages="10",
}

@Article{Liu2012,
author="Liu, Ke-Qin and others",
title="Identifying dysregulated pathways in cancers from pathway interaction networks",
journal="BMC Bioinformatics",
year="2012",
volume="13",
number="1",
pages="126",
}

